<record><leader>00000cas a2200000 a 4500</leader><controlfield tag="001">29180768</controlfield><controlfield tag="008">931022d19651989iluwr ne      0   a0eng c</controlfield><datafield ind1=" " ind2=" " tag="010"><subfield code="a">sn 93057180 </subfield></datafield><datafield ind1=" " ind2=" " tag="040"><subfield code="a">NVF</subfield><subfield code="b">eng</subfield><subfield code="c">NVF</subfield><subfield code="d">CVF</subfield><subfield code="d">OCLCQ</subfield><subfield code="d">OCLCF</subfield><subfield code="d">NVF</subfield><subfield code="d">OCLCO</subfield><subfield code="d">OCL</subfield></datafield><datafield ind1="1" ind2=" " tag="029"><subfield code="a">AU@</subfield><subfield code="b">000025855123</subfield></datafield><datafield ind1=" " ind2=" " tag="042"><subfield code="a">pcc</subfield></datafield><datafield ind1=" " ind2=" " tag="043"><subfield code="a">n-us-il</subfield></datafield><datafield ind1="0" ind2=" " tag="130"><subfield code="a">Harlem-Foster times (Chicago, Ill. : City ed.)</subfield></datafield><datafield ind1="1" ind2="0" tag="245"><subfield code="a">Harlem-Foster times.</subfield></datafield><datafield ind1="1" ind2=" " tag="246"><subfield code="i">Published as:</subfield><subfield code="a">Harlem-Foster new times</subfield><subfield code="f">Aug. 18, 1965-Feb. 23, 1966</subfield></datafield><datafield ind1="3" ind2=" " tag="246"><subfield code="a">Harlem Foster times</subfield></datafield><datafield ind1="3" ind2=" " tag="246"><subfield code="a">Harlem Foster new times</subfield></datafield><datafield ind1=" " ind2=" " tag="250"><subfield code="a">City ed.</subfield></datafield><datafield ind1=" " ind2=" " tag="260"><subfield code="a">Chicago, Ill. :</subfield><subfield code="b">W.L. Johnson Pub. Co.,</subfield><subfield code="c">1965-1989</subfield></datafield><datafield ind1=" " ind2=" " tag="300"><subfield code="a">v.</subfield></datafield><datafield ind1=" " ind2=" " tag="310"><subfield code="a">Weekly</subfield></datafield><datafield ind1="0" ind2=" " tag="362"><subfield code="a">Mar. 3, 1965-</subfield></datafield><datafield ind1="1" ind2=" " tag="362"><subfield code="a">Ceased in Apr. 1989.</subfield></datafield><datafield ind1=" " ind2=" " tag="500"><subfield code="a">"Serving the greater northwest side."</subfield></datafield><datafield ind1=" " ind2=" " tag="580"><subfield code="a">Merged with: Harlem-Foster times (Chicago, Ill. : Suburban ed.), to form: Harlem Foster times (Chicago, Ill. : 1989).</subfield></datafield><datafield ind1=" " ind2=" " tag="588"><subfield code="a">Latest issue consulted: Apr. 5, 1989.</subfield></datafield><datafield ind1=" " ind2="0" tag="650"><subfield code="a">Community newspapers</subfield><subfield code="z">Illinois</subfield><subfield code="z">Chicago</subfield><subfield code="z">Forest Park.</subfield></datafield><datafield ind1=" " ind2="0" tag="651"><subfield code="a">Forest Park (Ill.)</subfield><subfield code="v">Newspapers.</subfield></datafield><datafield ind1=" " ind2="0" tag="651"><subfield code="a">Norwood Park (Chicago, Ill.)</subfield><subfield code="v">Newspapers.</subfield></datafield><datafield ind1=" " ind2="0" tag="651"><subfield code="a">Norridge (Ill.)</subfield><subfield code="v">Newspapers.</subfield></datafield><datafield ind1=" " ind2="0" tag="651"><subfield code="a">Chicago (Ill.)</subfield><subfield code="v">Newspapers.</subfield></datafield><datafield ind1=" " ind2="7" tag="655"><subfield code="a">Newspapers.</subfield><subfield code="2">fast</subfield><subfield code="0">(OCoLC)fst01423814</subfield></datafield><datafield ind1=" " ind2="7" tag="650"><subfield code="a">Community newspapers.</subfield><subfield code="2">fast</subfield><subfield code="0">(OCoLC)fst00871103</subfield></datafield><datafield ind1=" " ind2="7" tag="651"><subfield code="a">Illinois</subfield><subfield code="z">Chicago.</subfield><subfield code="2">fast</subfield><subfield code="0">(OCoLC)fst01204048</subfield></datafield><datafield ind1=" " ind2="7" tag="651"><subfield code="a">Illinois</subfield><subfield code="z">Chicago</subfield><subfield code="z">Norwood Park.</subfield><subfield code="2">fast</subfield><subfield code="0">(OCoLC)fst01328253</subfield></datafield><datafield ind1=" " ind2="7" tag="651"><subfield code="a">Illinois</subfield><subfield code="z">Forest Park.</subfield><subfield code="2">fast</subfield><subfield code="0">(OCoLC)fst01217881</subfield></datafield><datafield ind1=" " ind2="7" tag="651"><subfield code="a">Illinois</subfield><subfield code="z">Norridge.</subfield><subfield code="2">fast</subfield><subfield code="0">(OCoLC)fst01232876</subfield></datafield><datafield ind1=" " ind2=" " tag="752"><subfield code="a">United States</subfield><subfield code="b">Illinois</subfield><subfield code="c">Cook</subfield><subfield code="d">Chicago.</subfield></datafield><datafield ind1="0" ind2=" " tag="775"><subfield code="t">Harlem-Foster times (Chicago, Ill. : Suburban ed.)</subfield><subfield code="w">(DLC)sn 93057181</subfield><subfield code="w">(OCoLC)29180753</subfield></datafield><datafield ind1="0" ind2="1" tag="780"><subfield code="t">Harlem-Foster times and Harwood Heights times</subfield><subfield code="w">(DLC)sn 93057179</subfield><subfield code="w">(OCoLC)29180740</subfield></datafield><datafield ind1="1" ind2="7" tag="785"><subfield code="t">Harlem-Foster times (Chicago, Ill. : Suburban ed.)</subfield><subfield code="w">(DLC)sn 93057181</subfield><subfield code="w">(OCoLC)29180753</subfield></datafield><datafield ind1="1" ind2="7" tag="785"><subfield code="t">Harlem Foster times (Chicago, Ill. : 1989)</subfield><subfield code="w">(DLC)sn 96070059</subfield><subfield code="w">(OCoLC)35369788</subfield></datafield></record>